<?xml version="1.0" encoding="UTF-8"?><collection xmlns="http://www.loc.gov/MARC21/slim"><record><leader>00504nam--2200181-i-4500</leader><controlfield tag="001">000014887</controlfield><controlfield tag="002">20161230</controlfield><controlfield tag="005">20161230201031</controlfield><controlfield tag="008">060222s1000------------r-----000-0-eng-d</controlfield><datafield ind1=" " ind2=" " tag="040"><subfield code="a">IFIN-HH</subfield></datafield><datafield ind1=" " ind2=" " tag="080"><subfield code="a">539.1</subfield></datafield><datafield ind1="1" ind2=" " tag="100"><subfield code="a">Bernstein, Jeremy</subfield></datafield><datafield ind1="1" ind2="0" tag="245"><subfield code="a">Elementary particles and their currents</subfield><subfield code="c">Jeremy bernstein</subfield></datafield><datafield ind1=" " ind2=" " tag="260"><subfield code="a">San Francisco</subfield><subfield code="b">W.H.Freeman And Company</subfield><subfield code="c">1968</subfield></datafield><datafield ind1=" " ind2=" " tag="300"><subfield code="a">XI + 322 P</subfield></datafield><datafield ind1=" " ind2=" " tag="490"><subfield code="a">A Series Of Books In Physics</subfield></datafield><datafield ind1=" " ind2=" " tag="852"><subfield code="a">30357</subfield><subfield code="c">539.12</subfield></datafield><datafield ind1=" " ind2=" " tag="CAT"><subfield code="a">Sys</subfield><subfield code="c">20111117</subfield><subfield code="h">122833</subfield></datafield></record></collection>